@misc {
    fca_history,
    title={FCA Group History},
    date={12/12/2018},
    author={FCA Official Website},
    howpublished={\url{https://www.fcagroup.com/en-US/group/history/Pages/default.aspx}}
}


@misc {
    magneti_marelli,
    title={Magneti Marelli},
    date={12/12/2018},
    author={FCA Official Website},
    howpublished={\url{https://www.fcagroup.com/en-US/brands/Pages/magneti_marelli.aspx?sct=overview}}
}


@misc {
    fca_overview,
    title={FCA Group Overview},
    date={12/12/2018},
    author={FCA Official Website},
    howpublished={\url{https://www.fcagroup.com/en-US/group/Pages/group_overview.aspx}}
}


@misc {
    fca_electric_bet,
    title={Marchionne: Electric cars not worth investment},
    date={12/12/2018},
    author={Ian Thibodeau},
    howpublished={\url{https://eu.detroitnews.com/story/business/autos/detroit-auto-show/2018/01/15/fiat-chrysler-ceo-says-electric-cars-are-bad-bet/109467370/}}
}


@misc {
    fca_mopar,
    title={Mopar},
    date={12/12/2018},
    author={FCA Official Website},
    howpublished={\url{https://www.fcagroup.com/en-US/brands/Pages/Mopar.aspx}}
}


@misc {
    statista_fca_net_revenues,
    title={FCA Net Revenues 2011-2017},
    date={12/12/2018},
    author={Statista Official Website},
    howpublished={\url{https://www.statista.com/statistics/267284/global-revenue-of-fiat/}}
}


@misc {
    fca_marketing_strategy,
    title={Fiat Marketing Strategy},
    date={12/12/2018},
    author={Hitesh Bhasin},
    howpublished={\url{https://www.marketing91.com/marketing-strategy-fiat/}}
}


@misc {
    fca_marchionne_fortune,
    title={A Timeline of Sergio Marchionne's Transformative Fiat Chrysler Tenure},
    date={12/12/2018},
    author={Bloomberg},
    howpublished={\url{http://fortune.com/2018/07/21/sergio-marchionne-fiat-chrysler/}}
}


@misc {
    fca_wcm,
    title={FCA World Class Manufacturing},
    date={12/12/2018},
    author={FCA Official Website},
    howpublished={\url{https://www.wcm.fcagroup.com/en-us/pages/default.aspx}}
}


@misc {
    fca_financial_overview,
    title={FCA Financial Overview},
    date={12/12/2018},
    author={FCA Official Website},
    howpublished={\url{https://www.fcagroup.com/capitalmarketsday/Presentations/FCA\%20June\%201\%202018\%20CMD_BP\%20Financial\%20Overview.pdf}}
}


@misc {
    fca_waymo_partnership,
    title={Waymo to get more than 60,000 cars from Fiat Chrysler for robotaxis},
    date={12/12/2018},
    author={FCA Official Website},
    howpublished={\url{https://www.reuters.com/article/us-fiat-chrysler-waymo/waymo-to-get-more-than-60000-cars-from-fiat-chrysler-for-robotaxis-idUSKCN1IW2BC}}
}

@misc{
    fca_mopar,
	author={Mopar},
	date={10/01/2019}
	title={Mopar Commitment},
	howpublished= {\url{http://www.mopar.eu/eu/en/}}
}

@misc {
    fca_future_mobiility,
    title={Future Mobility},
    date={10/01/2019},
    author={FCA Group Official Site},
    howpublished={\url{https://www.fcagroup.com/it-IT/innovation/Pages/future_mobility.aspx}}
}	

@misc {
    fca_rear_cross_traffic_assist,
    title={Ten of the latest car safety features bringing innovation to your driving experience},
    date={10/01/2019},
    author={Telegraph UK},
    howpublished={\url{https://www.telegraph.co.uk/cars/driving-for-less/safety-features/}}
}

@misc {
    fca_5million_recall,
    title={Chrysler Fiat announces recall of nearly 5 million U.S. cars},
    date={10/01/2019},
    author={Washington Post},
    howpublished={\url{https://www.washingtonpost.com/news/innovations/wp/2018/05/25/chrysler-fiat-announces-recall-for-nearly-5-million-u-s-cars/}}
}

@misc {
    fca_20thousand_crash_tests,
    title={FCA Safety Centre: 20 thousand crash tests and a long history},
    date={10/01/2019},
    author={Fiat Press},
    howpublished={\url{http://www.fiatpress.com/press/article/fca-safety-centre-20-thousand-crash-tests-and-a-long-history}}
}

@misc {
    fca_fortiform,
    title={Fiat Chrysler Automobiles (FCA) material strategy puts Fortiform® in the spotlight},
    date={10/01/2019},
    author={automotive.com},
    howpublished={\url{https://automotive.arcelormittal.com/News/2017_news/FCAinterview}}
}

@misc {
    fca_pacifica_iihs,
    title={2019 Chrysler Pacifica Named “Top Safety Pick” By IIHS},
    date={10/01/2019},
    author={moparinsiders.com},
    howpublished={\url{https://moparinsiders.com/2019-chrysler-pacifica-named-top-safety-pick-by-iihs/}}
}

@misc {
    fca_cars_95_parked,
    title={Today’s Cars Are Parked 95\% of the Time},
    date={10/01/2019},
    author={fortune.com},
    howpublished={\url{http://fortune.com/2016/03/13/cars-parked-95-percent-of-time/}}
}

@misc {
    fca_google,
    title={Google, Fiat Chrysler Team Up to Develop Autonomous Vehicles},
    date={10/01/2019},
    author={nbcnews.com},
    howpublished={\url{https://www.nbcnews.com/tech/innovation/google-fiat-chrysler-team-develop-autonomous-vehicles-n567176}}
}

@misc {
    fca_waymo_renew,
    title={Guida autonoma, Fca rilancia la partnership con Waymo},
    date={10/01/2019},
    author={nbcnews.com},
    howpublished={\url{https://www.ilsole24ore.com/art/notizie/2018-06-01/guida-autonoma-fca-rilancia-partnership-waymo-google-144250.shtml?uuid=AEFqslyE
}}
}


@misc{PandaElettra,
	author = {PandaElettra},
	title = {Panda Elettra},
	note = {https://it.wikipedia.org/wiki/Fiat_Panda_(1980)#La_Panda_Elettra},
}

@misc{TeslaMasterplan,
	author = {TeslaMasterplan},
	title = {Tesla Masterplan},
	note = {https://www.tesla.com/blog/mission-tesla},
}

@misc{Powerwall,
	author = {TeslaPowerwall},
	title = {Tesla Powerwall},
	note = {https://www.tesla.com/powerwall},
}

@misc{Growth,
	author = {Growth},
	title = {Tesla's growth over the last decade},
	note = {https://www.zacks.com/stock/news/306775/examining-teslas-tsla-growth-over-the-last-decade},
}



@TWEET{muskGM,
       author={Elon Musk},
       authorid={elonmusk},
       year={2017},
       month={June},
       day={09},
       tweetid={873116351316938753},
       tweetcontent={Few people know that we started Tesla when GM forcibly recalled all electric cars from customers in 2003 \& then crushed them in a junkyard}
    }
    
@TWEET{tesla1mMiles,
   author={Tesla},
   authorid={Tesla},
   year={2018},
   month={October},
   day={15},
   tweetid={1051911793373638661},
   tweetcontent={The Model 3 drive system is designed and validated for over 1 million miles – this is what the gears look like after testing}
}

@misc{aboutTesla,
    title={About Tesla},
    howpublished={\url{https://www.tesla.com/about}}

}

@misc{ electricStudy,
    title={No, Tesla batteries are not a global warming disaster},
    date={13/06/2017},
    author={Ben Gaddy},
    howpublished={\url{https://medium.com/clean-energy-trust/no-tesla-batteries-are-not-a-global-warming-disaster-630c386122cb}}
}

@article{scheele2016cobalt,
  title={Cobalt blues},
  author={Scheele, Fleur and De Haan, Esther and Kiezebrink, Vincent},
  year={2016}
}

@misc{ recycleBattery,
    title={Yes, Tesla Recycles All Of Its Spent Batteries \& Wants To Do More In The Future},
    date={7/06/2018},
    author={Kyle Field},
    howpublished={\url{https://cleantechnica.com/2018/06/07/yes-tesla-recycles-all-of-its-spent-batteries-wants-to-do-more-in-the-future/}}
}


@misc{ 
    tesla_awareness,
    title={Autonomous Vehicle Awareness Rising, Acceptance Declining, According to Cox Automotive Mobility Study.},
    date={01/01/2018},
    author={Coxautoinc},
    howpublished={\url{https://www.coxautoinc.com/news/evolution-of-mobility-study-autonomous-vehicles/}}
}


@misc{ 
    tesla_full_self-driving,
    title={Tesla full self-driving},
    date={01/01/2018},
    author={Tesla Official Site},
    howpublished={\url{https://www.tesla.com/it\_IT/blog/all-tesla-cars-being-produced-now-have-full-self-driving-hardware}}
}


@misc{ 
    tesla_trust,
    title={Consumers trust Tesla the most for self-driving car},
    date={01/01/2018},
    author={autolist.com},
    howpublished={\url{https://www.autolist.com/news-and-analysis/consumers-trust-tesla-most-for-self-driving-autonomous-cars}}
}

@misc{ 
    tesla_opinion,
    title={Schoettle, B. and Sivak, M. 2014. Public opinion about self-driving vehicles in China, India, Japan, the U.S., the U.K., and Australia. },
    date={01/01/2018},
    author={deepblue.edu},
    howpublished={\url{http://deepblue.lib.umich.edu/bitstream/handle/2027.42/109433/103139.pdf?sequence=1}}
}

@misc{ 
    tesla_training_fire,
    title={Tesla Training Firefighters},
    date={01/01/2018},
    author={Tesla Official Site},
    howpublished={\url{https://www.tesla.com/firstresponders}}
}


@misc{ 
    model_s_rating,
    title={},
    date={01/01/2018},
    author={Tesla Official Site},
    howpublished={\url{https://www.tesla.com/it\_IT/blog/tesla-model-s-achieves-best-safety-rating-any-car-ever-tested}}
}
