// FCA references
@misc{ FCA_sustainability,
    title={We Develop Sustainable Mobility},
    date={2018},
    author={Fiat Chrystler Automobile},
    howpublished={\url{https://www.fcagroup.com/en-US/sustainability/environment/Pages/sustainable_mobility.aspx}}
}

@misc{ Maserati_electric,
    title={FCA announces a bunch of new all-electric vehicles: 4 Jeep SUVs, 4 Maserati models, and 2 Fiat cars},
    date={01/06/2018},
    author={Fred Lambert},
    howpublished={\url{https://electrek.co/2018/06/01/fca-new-all-electric-vehicles-jeep-maserati-models/}}
}

@misc{ US_best-selling-vehicle,
    title={The 20 best-selling cars and trucks in America},
    date={20/01/2018},
    author={Cadie Thompson},
    howpublished={\url{https://www.businessinsider.com/best-selling-cars-and-trucks-in-us-2017-2018-1?IR=T#1-ford-f-series-896764-93-20}}
}

@misc{ maintenance_costs,
    title={Electric Vehicles Cost Less Than Half As Much To Drive},
    date={14/01/2018},
    author={Jeff McMahon},
    howpublished={\url{https://www.forbes.com/sites/jeffmcmahon/2018/01/14/electric-vehicles-cost-less-than-half-as-much-to-drive/#3cb821943f97}}
}

@misc{ maintenance_mopar,
    date={01/01/2019},
    author={Fiat Chrysler Automobiles},
    howpublished={\url{https://www.fcagroup.com/en-US/brands/Pages/Mopar.aspx}}
}
/////////////////////////////////////////////////////////////

@TWEET{muskGM,
       author={Elon Musk},
       authorid={elonmusk},
       year={2017},
       month={June},
       day={09},
       tweetid={873116351316938753},
       tweetcontent={Few people know that we started Tesla when GM forcibly recalled all electric cars from customers in 2003 \& then crushed them in a junkyard}
    }
    
@TWEET{tesla1mMiles,
   author={Tesla},
   authorid={Tesla},
   year={2018},
   month={October},
   day={15},
   tweetid={1051911793373638661},
   tweetcontent={The Model 3 drive system is designed and validated for over 1 million miles â€“ this is what the gears look like after testing}
}

@misc{aboutTesla,
    title={About Tesla},
    howpublished={\url{https://www.tesla.com/about}}

}

@misc{ electricStudy,
    title={No, Tesla batteries are not a global warming disaster},
    date={13/06/2017},
    author={Ben Gaddy},
    howpublished={\url{https://medium.com/clean-energy-trust/no-tesla-batteries-are-not-a-global-warming-disaster-630c386122cb}}
}

@article{scheele2016cobalt,
  title={Cobalt blues},
  author={Scheele, Fleur and De Haan, Esther and Kiezebrink, Vincent},
  year={2016}
}

@misc{ recycleBattery,
    title={Yes, Tesla Recycles All Of Its Spent Batteries \& Wants To Do More In The Future},
    date={7/06/2018},
    author={Kyle Field},
    howpublished={\url{https://cleantechnica.com/2018/06/07/yes-tesla-recycles-all-of-its-spent-batteries-wants-to-do-more-in-the-future/}}
}

@misc{ teslaWarranty,
    title={NEW VEHICLE LIMITED WARRANTY},
    date={1/12/2018},
    author={Tesla},
    howpublished={\url{https://www.tesla.com/sites/default/files/downloads/tesla-new-vehicle-limited-warranty-en-us.pdf}}
}

