@misc{FCASafety,
	author = {FCA},
	title = {FCA safety and security},
	note = {https://www.fcagroup.com/en-us/innovation/pages/overview.aspx},
	
}
@misc{Mopar,
	author = {Mopar},
	title = {Mopar commitment},
	note = {http://www.mopar.eu/eu/en/},
	
}
@misc{FCASD,
	author = {FCA},
	title = {FCA future mobility},
	note = {https://www.fcagroup.com/en-US/innovation/Pages/future\_mobility.aspx},
	
}