@misc {
    fca_history,
    title={FCA Group History},
    date={12/12/2018},
    author={FCA Official Website},
    howpublished={\url{https://www.fcagroup.com/en-US/group/history/Pages/default.aspx}}
}


@misc {
    magneti_marelli,
    title={Magneti Marelli},
    date={12/12/2018},
    author={FCA Official Website},
    howpublished={\url{https://www.fcagroup.com/en-US/brands/Pages/magneti_marelli.aspx?sct=overview}}
}


@misc {
    fca_overview,
    title={FCA Group Overview},
    date={12/12/2018},
    author={FCA Official Website},
    howpublished={\url{https://www.fcagroup.com/en-US/group/Pages/group_overview.aspx}}
}


@misc {
    fca_electric_bet,
    title={Marchionne: Electric cars not worth investment},
    date={12/12/2018},
    author={Ian Thibodeau},
    howpublished={\url{https://eu.detroitnews.com/story/business/autos/detroit-auto-show/2018/01/15/fiat-chrysler-ceo-says-electric-cars-are-bad-bet/109467370/}}
}


@misc {
    fca_mopar,
    title={Mopar},
    date={12/12/2018},
    author={FCA Official Website},
    howpublished={\url{https://www.fcagroup.com/en-US/brands/Pages/Mopar.aspx}}
}


@misc {
    statista_fca_net_revenues,
    title={FCA Net Revenues 2011-2017},
    date={12/12/2018},
    author={Statista Official Website},
    howpublished={\url{https://www.statista.com/statistics/267284/global-revenue-of-fiat/}}
}


@misc {
    fca_marketing_strategy,
    title={Fiat Marketing Strategy},
    date={12/12/2018},
    author={Hitesh Bhasin},
    howpublished={\url{https://www.marketing91.com/marketing-strategy-fiat/}}
}


@misc {
    fca_marchionne_fortune,
    title={A Timeline of Sergio Marchionne's Transformative Fiat Chrysler Tenure},
    date={12/12/2018},
    author={Bloomberg},
    howpublished={\url{http://fortune.com/2018/07/21/sergio-marchionne-fiat-chrysler/}}
}


@misc {
    fca_wcm,
    title={FCA World Class Manufacturing},
    date={12/12/2018},
    author={FCA Official Website},
    howpublished={\url{https://www.wcm.fcagroup.com/en-us/pages/default.aspx}}
}


@misc {
    fca_financial_overview,
    title={FCA Financial Overview},
    date={12/12/2018},
    author={FCA Official Website},
    howpublished={\url{https://www.fcagroup.com/capitalmarketsday/Presentations/FCA\%20June\%201\%202018\%20CMD_BP\%20Financial\%20Overview.pdf}}
}