@misc{PandaElettra,
	author = {PandaElettra},
	title = {Panda Elettra},
	note = {https://it.wikipedia.org/wiki/Fiat_Panda_(1980)#La_Panda_Elettra},
	
}
@misc{TeslaMasterplan,
	author = {TeslaMasterplan},
	title = {Tesla Masterplan},
	note = {https://www.tesla.com/blog/mission-tesla},
	
}
@misc{Powerwall,
	author = {TeslaPowerwall},
	title = {Tesla Powerwall},
	note = {https://www.tesla.com/powerwall},
	
}

@misc{Growth,
	author = {Growth},
	title = {Tesla's growth over the last decade},
	note = {https://www.zacks.com/stock/news/306775/examining-teslas-tsla-growth-over-the-last-decade},
	
}